%YAML 1.1
%TAG !u! tag:unity3d.com,2011:
--- !u!114 &7792195185808057884
MonoBehaviour:
  m_ObjectHideFlags: 0
  m_CorrespondingSourceObject: {fileID: 0}
  m_PrefabInstance: {fileID: 0}
  m_PrefabAsset: {fileID: 0}
  m_GameObject: {fileID: 2234521172222459956}
  m_Enabled: 1
  m_EditorHideFlags: 0
  m_Script: {fileID: 11500000, guid: 9b9b7b0cffdf68f47a348feaea864a50, type: 3}
  m_Name: 
  m_EditorClassIdentifier: 
  tip: {fileID: 7792195185701535974}
  back: {fileID: 7792195186602770810}
--- !u!1 &7792195185701535973
GameObject:
  m_ObjectHideFlags: 0
  m_CorrespondingSourceObject: {fileID: 0}
  m_PrefabInstance: {fileID: 0}
  m_PrefabAsset: {fileID: 0}
  serializedVersion: 6
  m_Component:
  - component: {fileID: 7792195185701535974}
  - component: {fileID: 7792195185701535969}
  - component: {fileID: 7792195185701535968}
  - component: {fileID: 7792195185701535975}
  m_Layer: 0
  m_Name: tip
  m_TagString: Untagged
  m_Icon: {fileID: 0}
  m_NavMeshLayer: 0
  m_StaticEditorFlags: 0
  m_IsActive: 1
--- !u!4 &7792195185701535974
Transform:
  m_ObjectHideFlags: 0
  m_CorrespondingSourceObject: {fileID: 0}
  m_PrefabInstance: {fileID: 0}
  m_PrefabAsset: {fileID: 0}
  m_GameObject: {fileID: 7792195185701535973}
  m_LocalRotation: {x: 0, y: 0, z: 0, w: 1}
  m_LocalPosition: {x: 0, y: 0, z: 71.56}
  m_LocalScale: {x: 1, y: 1, z: 1}
  m_Children: []
  m_Father: {fileID: 2979629172797616679}
  m_RootOrder: 3
  m_LocalEulerAnglesHint: {x: 0, y: 0, z: 0}
--- !u!33 &7792195185701535969
MeshFilter:
  m_ObjectHideFlags: 0
  m_CorrespondingSourceObject: {fileID: 0}
  m_PrefabInstance: {fileID: 0}
  m_PrefabAsset: {fileID: 0}
  m_GameObject: {fileID: 7792195185701535973}
  m_Mesh: {fileID: 10207, guid: 0000000000000000e000000000000000, type: 0}
--- !u!23 &7792195185701535968
MeshRenderer:
  m_ObjectHideFlags: 0
  m_CorrespondingSourceObject: {fileID: 0}
  m_PrefabInstance: {fileID: 0}
  m_PrefabAsset: {fileID: 0}
  m_GameObject: {fileID: 7792195185701535973}
  m_Enabled: 1
  m_CastShadows: 1
  m_ReceiveShadows: 1
  m_DynamicOccludee: 1
  m_MotionVectors: 1
  m_LightProbeUsage: 1
  m_ReflectionProbeUsage: 1
  m_RayTracingMode: 2
  m_RenderingLayerMask: 1
  m_RendererPriority: 0
  m_Materials:
  - {fileID: 10303, guid: 0000000000000000f000000000000000, type: 0}
  m_StaticBatchInfo:
    firstSubMesh: 0
    subMeshCount: 0
  m_StaticBatchRoot: {fileID: 0}
  m_ProbeAnchor: {fileID: 0}
  m_LightProbeVolumeOverride: {fileID: 0}
  m_ScaleInLightmap: 1
  m_ReceiveGI: 1
  m_PreserveUVs: 0
  m_IgnoreNormalsForChartDetection: 0
  m_ImportantGI: 0
  m_StitchLightmapSeams: 1
  m_SelectedEditorRenderState: 3
  m_MinimumChartSize: 4
  m_AutoUVMaxDistance: 0.5
  m_AutoUVMaxAngle: 89
  m_LightmapParameters: {fileID: 0}
  m_SortingLayerID: 0
  m_SortingLayer: 0
  m_SortingOrder: 0
--- !u!135 &7792195185701535975
SphereCollider:
  m_ObjectHideFlags: 0
  m_CorrespondingSourceObject: {fileID: 0}
  m_PrefabInstance: {fileID: 0}
  m_PrefabAsset: {fileID: 0}
  m_GameObject: {fileID: 7792195185701535973}
  m_Material: {fileID: 0}
  m_IsTrigger: 0
  m_Enabled: 1
  serializedVersion: 2
  m_Radius: 0.5
  m_Center: {x: 0, y: 0, z: 0}
--- !u!1 &7792195185964368995
GameObject:
  m_ObjectHideFlags: 0
  m_CorrespondingSourceObject: {fileID: 0}
  m_PrefabInstance: {fileID: 0}
  m_PrefabAsset: {fileID: 0}
  serializedVersion: 6
  m_Component:
  - component: {fileID: 7792195185964368920}
  - component: {fileID: 7792195185964368924}
  - component: {fileID: 7792195185964368925}
  - component: {fileID: 7792195185964368926}
  m_Layer: 0
  m_Name: az link pen
  m_TagString: Untagged
  m_Icon: {fileID: 0}
  m_NavMeshLayer: 0
  m_StaticEditorFlags: 0
  m_IsActive: 1
--- !u!4 &7792195185964368920
Transform:
  m_ObjectHideFlags: 0
  m_CorrespondingSourceObject: {fileID: 0}
  m_PrefabInstance: {fileID: 0}
  m_PrefabAsset: {fileID: 0}
  m_GameObject: {fileID: 7792195185964368995}
  m_LocalRotation: {x: 0, y: 0, z: 0, w: 1}
  m_LocalPosition: {x: 0, y: 0, z: 0}
  m_LocalScale: {x: 1, y: 1, z: 1}
  m_Children:
  - {fileID: 7792195187120760605}
  m_Father: {fileID: 0}
  m_RootOrder: 0
  m_LocalEulerAnglesHint: {x: 0, y: 0, z: 0}
--- !u!114 &7792195185964368924
MonoBehaviour:
  m_ObjectHideFlags: 0
  m_CorrespondingSourceObject: {fileID: 0}
  m_PrefabInstance: {fileID: 0}
  m_PrefabAsset: {fileID: 0}
  m_GameObject: {fileID: 7792195185964368995}
  m_Enabled: 1
  m_EditorHideFlags: 0
  m_Script: {fileID: 11500000, guid: f77bc200897df4f4483b478b598b0c51, type: 3}
  m_Name: 
  m_EditorClassIdentifier: 
  StreamingClient: {fileID: 0}
  RigidBodyId: 69
  x: 0
  y: 0
  z: 0
  positionFlipX: 1
  positionFlipY: 1
  positionFlipZ: 1
  orientationFlipX: 1
  orientationFlipY: 1
  orientationFlipZ: 1
  VisibleInOptitrack: 0
  Position: 1
  Rotation: 1
--- !u!114 &7792195185964368925
MonoBehaviour:
  m_ObjectHideFlags: 0
  m_CorrespondingSourceObject: {fileID: 0}
  m_PrefabInstance: {fileID: 0}
  m_PrefabAsset: {fileID: 0}
  m_GameObject: {fileID: 7792195185964368995}
  m_Enabled: 0
  m_EditorHideFlags: 0
  m_Script: {fileID: 11500000, guid: a70fd92327fc7144c88718089670ae90, type: 3}
  m_Name: 
  m_EditorClassIdentifier: 
  scuffedCalibration: {fileID: 0}
  controller: {fileID: 7792195185964368995}
  tooltip: {fileID: 7792195187120760604}
  tooltipSize: 0.01
  CalibrationOutputFile: AZLinkCalibration.txt
--- !u!114 &7792195185964368926
MonoBehaviour:
  m_ObjectHideFlags: 0
  m_CorrespondingSourceObject: {fileID: 0}
  m_PrefabInstance: {fileID: 0}
  m_PrefabAsset: {fileID: 0}
  m_GameObject: {fileID: 7792195185964368995}
  m_Enabled: 0
  m_EditorHideFlags: 0
  m_Script: {fileID: 11500000, guid: 85e869262a6f6134e943120b4a6e68ce, type: 3}
  m_Name: 
  m_EditorClassIdentifier: 
  StreamingClient: {fileID: 0}
  fingerVisualizationMaterial: {fileID: 2100000, guid: 99e2da43467c5d147a67471838f6ce52,
    type: 2}
  VisualizeFingers: 1
  markerSize: 0.009
--- !u!1 &7792195186602770809
GameObject:
  m_ObjectHideFlags: 0
  m_CorrespondingSourceObject: {fileID: 0}
  m_PrefabInstance: {fileID: 0}
  m_PrefabAsset: {fileID: 0}
  serializedVersion: 6
  m_Component:
  - component: {fileID: 7792195186602770810}
  - component: {fileID: 7792195186602770805}
  - component: {fileID: 7792195186602770804}
  - component: {fileID: 7792195186602770811}
  m_Layer: 0
  m_Name: back
  m_TagString: Untagged
  m_Icon: {fileID: 0}
  m_NavMeshLayer: 0
  m_StaticEditorFlags: 0
  m_IsActive: 1
--- !u!4 &7792195186602770810
Transform:
  m_ObjectHideFlags: 0
  m_CorrespondingSourceObject: {fileID: 0}
  m_PrefabInstance: {fileID: 0}
  m_PrefabAsset: {fileID: 0}
  m_GameObject: {fileID: 7792195186602770809}
  m_LocalRotation: {x: 0, y: 0, z: 0, w: 1}
  m_LocalPosition: {x: 0, y: 0, z: -68.84}
  m_LocalScale: {x: 1, y: 1, z: 1}
  m_Children: []
  m_Father: {fileID: 2979629172797616679}
  m_RootOrder: 4
  m_LocalEulerAnglesHint: {x: 0, y: 0, z: 0}
--- !u!33 &7792195186602770805
MeshFilter:
  m_ObjectHideFlags: 0
  m_CorrespondingSourceObject: {fileID: 0}
  m_PrefabInstance: {fileID: 0}
  m_PrefabAsset: {fileID: 0}
  m_GameObject: {fileID: 7792195186602770809}
  m_Mesh: {fileID: 10207, guid: 0000000000000000e000000000000000, type: 0}
--- !u!23 &7792195186602770804
MeshRenderer:
  m_ObjectHideFlags: 0
  m_CorrespondingSourceObject: {fileID: 0}
  m_PrefabInstance: {fileID: 0}
  m_PrefabAsset: {fileID: 0}
  m_GameObject: {fileID: 7792195186602770809}
  m_Enabled: 1
  m_CastShadows: 1
  m_ReceiveShadows: 1
  m_DynamicOccludee: 1
  m_MotionVectors: 1
  m_LightProbeUsage: 1
  m_ReflectionProbeUsage: 1
  m_RayTracingMode: 2
  m_RenderingLayerMask: 1
  m_RendererPriority: 0
  m_Materials:
  - {fileID: 10303, guid: 0000000000000000f000000000000000, type: 0}
  m_StaticBatchInfo:
    firstSubMesh: 0
    subMeshCount: 0
  m_StaticBatchRoot: {fileID: 0}
  m_ProbeAnchor: {fileID: 0}
  m_LightProbeVolumeOverride: {fileID: 0}
  m_ScaleInLightmap: 1
  m_ReceiveGI: 1
  m_PreserveUVs: 0
  m_IgnoreNormalsForChartDetection: 0
  m_ImportantGI: 0
  m_StitchLightmapSeams: 1
  m_SelectedEditorRenderState: 3
  m_MinimumChartSize: 4
  m_AutoUVMaxDistance: 0.5
  m_AutoUVMaxAngle: 89
  m_LightmapParameters: {fileID: 0}
  m_SortingLayerID: 0
  m_SortingLayer: 0
  m_SortingOrder: 0
--- !u!135 &7792195186602770811
SphereCollider:
  m_ObjectHideFlags: 0
  m_CorrespondingSourceObject: {fileID: 0}
  m_PrefabInstance: {fileID: 0}
  m_PrefabAsset: {fileID: 0}
  m_GameObject: {fileID: 7792195186602770809}
  m_Material: {fileID: 0}
  m_IsTrigger: 0
  m_Enabled: 1
  serializedVersion: 2
  m_Radius: 0.5
  m_Center: {x: 0, y: 0, z: 0}
--- !u!1 &7792195187120760604
GameObject:
  m_ObjectHideFlags: 0
  m_CorrespondingSourceObject: {fileID: 0}
  m_PrefabInstance: {fileID: 0}
  m_PrefabAsset: {fileID: 0}
  serializedVersion: 6
  m_Component:
  - component: {fileID: 7792195187120760605}
  - component: {fileID: 7792195187120760600}
  - component: {fileID: 7792195187120760607}
  - component: {fileID: 7792195187120760606}
  - component: {fileID: 7792195187120760601}
  m_Layer: 0
  m_Name: tooltip
  m_TagString: Untagged
  m_Icon: {fileID: 0}
  m_NavMeshLayer: 0
  m_StaticEditorFlags: 0
  m_IsActive: 1
--- !u!4 &7792195187120760605
Transform:
  m_ObjectHideFlags: 0
  m_CorrespondingSourceObject: {fileID: 0}
  m_PrefabInstance: {fileID: 0}
  m_PrefabAsset: {fileID: 0}
  m_GameObject: {fileID: 7792195187120760604}
  m_LocalRotation: {x: -0, y: -0, z: -0, w: 1}
  m_LocalPosition: {x: 0.049231317, y: -0.11524128, z: -0.004174285}
  m_LocalScale: {x: 0.01, y: 0.01, z: 0.01}
  m_Children:
  - {fileID: 2979629172797616679}
  m_Father: {fileID: 7792195185964368920}
  m_RootOrder: 0
  m_LocalEulerAnglesHint: {x: 0, y: 0, z: 0}
--- !u!33 &7792195187120760600
MeshFilter:
  m_ObjectHideFlags: 0
  m_CorrespondingSourceObject: {fileID: 0}
  m_PrefabInstance: {fileID: 0}
  m_PrefabAsset: {fileID: 0}
  m_GameObject: {fileID: 7792195187120760604}
  m_Mesh: {fileID: 10207, guid: 0000000000000000e000000000000000, type: 0}
--- !u!23 &7792195187120760607
MeshRenderer:
  m_ObjectHideFlags: 0
  m_CorrespondingSourceObject: {fileID: 0}
  m_PrefabInstance: {fileID: 0}
  m_PrefabAsset: {fileID: 0}
  m_GameObject: {fileID: 7792195187120760604}
  m_Enabled: 1
  m_CastShadows: 1
  m_ReceiveShadows: 1
  m_DynamicOccludee: 1
  m_MotionVectors: 1
  m_LightProbeUsage: 1
  m_ReflectionProbeUsage: 1
  m_RayTracingMode: 2
  m_RenderingLayerMask: 1
  m_RendererPriority: 0
  m_Materials:
  - {fileID: 2100000, guid: 86929f7694bfe5b4ca0d061471fcac67, type: 2}
  m_StaticBatchInfo:
    firstSubMesh: 0
    subMeshCount: 0
  m_StaticBatchRoot: {fileID: 0}
  m_ProbeAnchor: {fileID: 0}
  m_LightProbeVolumeOverride: {fileID: 0}
  m_ScaleInLightmap: 1
  m_ReceiveGI: 1
  m_PreserveUVs: 0
  m_IgnoreNormalsForChartDetection: 0
  m_ImportantGI: 0
  m_StitchLightmapSeams: 1
  m_SelectedEditorRenderState: 3
  m_MinimumChartSize: 4
  m_AutoUVMaxDistance: 0.5
  m_AutoUVMaxAngle: 89
  m_LightmapParameters: {fileID: 0}
  m_SortingLayerID: 0
  m_SortingLayer: 0
  m_SortingOrder: 0
--- !u!135 &7792195187120760606
SphereCollider:
  m_ObjectHideFlags: 0
  m_CorrespondingSourceObject: {fileID: 0}
  m_PrefabInstance: {fileID: 0}
  m_PrefabAsset: {fileID: 0}
  m_GameObject: {fileID: 7792195187120760604}
  m_Material: {fileID: 0}
  m_IsTrigger: 0
  m_Enabled: 1
  serializedVersion: 2
  m_Radius: 0.5
  m_Center: {x: 0, y: 0, z: 0}
--- !u!114 &7792195187120760601
MonoBehaviour:
  m_ObjectHideFlags: 0
  m_CorrespondingSourceObject: {fileID: 0}
  m_PrefabInstance: {fileID: 0}
  m_PrefabAsset: {fileID: 0}
  m_GameObject: {fileID: 7792195187120760604}
  m_Enabled: 1
  m_EditorHideFlags: 0
  m_Script: {fileID: 11500000, guid: b9c794f33ec69c14fbd81cd6a37aa62d, type: 3}
  m_Name: 
  m_EditorClassIdentifier: 
  calibrateTooltip: {fileID: 7792195185964368925}
  PenModel: {fileID: 2234521172222459956}
  ShouldPositionPenModel: 0
  TipPositionDebug: {x: 5.619427, y: -13.154024, z: -0.47646523}
--- !u!1001 &7792195186090023229
PrefabInstance:
  m_ObjectHideFlags: 0
  serializedVersion: 2
  m_Modification:
    m_TransformParent: {fileID: 7792195187120760605}
    m_Modifications:
    - target: {fileID: -8684251187902555887, guid: 3215f1489f5e6404c8c8304fb090c719,
        type: 3}
      propertyPath: m_IsActive
      value: 0
      objectReference: {fileID: 0}
    - target: {fileID: -4216859302048453862, guid: 3215f1489f5e6404c8c8304fb090c719,
        type: 3}
      propertyPath: m_LocalPosition.x
      value: -2.8097136
      objectReference: {fileID: 0}
    - target: {fileID: -4216859302048453862, guid: 3215f1489f5e6404c8c8304fb090c719,
        type: 3}
      propertyPath: m_LocalPosition.y
      value: 6.577012
      objectReference: {fileID: 0}
    - target: {fileID: -4216859302048453862, guid: 3215f1489f5e6404c8c8304fb090c719,
        type: 3}
      propertyPath: m_LocalPosition.z
      value: 0.23823261
      objectReference: {fileID: 0}
    - target: {fileID: -4216859302048453862, guid: 3215f1489f5e6404c8c8304fb090c719,
        type: 3}
      propertyPath: m_LocalRotation.x
      value: 0.66099095
      objectReference: {fileID: 0}
    - target: {fileID: -4216859302048453862, guid: 3215f1489f5e6404c8c8304fb090c719,
        type: 3}
      propertyPath: m_LocalRotation.y
      value: 0.28237674
      objectReference: {fileID: 0}
    - target: {fileID: -4216859302048453862, guid: 3215f1489f5e6404c8c8304fb090c719,
        type: 3}
      propertyPath: m_LocalRotation.z
      value: -0
      objectReference: {fileID: 0}
    - target: {fileID: -4216859302048453862, guid: 3215f1489f5e6404c8c8304fb090c719,
        type: 3}
      propertyPath: m_LocalRotation.w
      value: 0.6952369
      objectReference: {fileID: 0}
    - target: {fileID: -4216859302048453862, guid: 3215f1489f5e6404c8c8304fb090c719,
        type: 3}
      propertyPath: m_RootOrder
      value: 0
      objectReference: {fileID: 0}
    - target: {fileID: -4216859302048453862, guid: 3215f1489f5e6404c8c8304fb090c719,
        type: 3}
      propertyPath: m_LocalEulerAnglesHint.x
      value: 53.125004
      objectReference: {fileID: 0}
    - target: {fileID: -4216859302048453862, guid: 3215f1489f5e6404c8c8304fb090c719,
        type: 3}
      propertyPath: m_LocalEulerAnglesHint.y
      value: 238.92899
      objectReference: {fileID: 0}
    - target: {fileID: -4216859302048453862, guid: 3215f1489f5e6404c8c8304fb090c719,
        type: 3}
      propertyPath: m_LocalEulerAnglesHint.z
      value: 165.58801
      objectReference: {fileID: 0}
    - target: {fileID: -4216859302048453862, guid: 3215f1489f5e6404c8c8304fb090c719,
        type: 3}
      propertyPath: m_LocalScale.x
      value: 0.1
      objectReference: {fileID: 0}
    - target: {fileID: -4216859302048453862, guid: 3215f1489f5e6404c8c8304fb090c719,
        type: 3}
      propertyPath: m_LocalScale.y
      value: 0.1
      objectReference: {fileID: 0}
    - target: {fileID: -4216859302048453862, guid: 3215f1489f5e6404c8c8304fb090c719,
        type: 3}
      propertyPath: m_LocalScale.z
      value: 0.1
      objectReference: {fileID: 0}
    - target: {fileID: -927199367670048503, guid: 3215f1489f5e6404c8c8304fb090c719,
        type: 3}
      propertyPath: m_Name
      value: pen (1)
      objectReference: {fileID: 0}
    - target: {fileID: 4224801822505238522, guid: 3215f1489f5e6404c8c8304fb090c719,
        type: 3}
      propertyPath: m_IsActive
      value: 0
      objectReference: {fileID: 0}
    m_RemovedComponents: []
  m_SourcePrefab: {fileID: 100100000, guid: 3215f1489f5e6404c8c8304fb090c719, type: 3}
--- !u!1 &2234521172222459956 stripped
GameObject:
  m_CorrespondingSourceObject: {fileID: -927199367670048503, guid: 3215f1489f5e6404c8c8304fb090c719,
    type: 3}
  m_PrefabInstance: {fileID: 7792195186090023229}
  m_PrefabAsset: {fileID: 0}
--- !u!4 &2979629172797616679 stripped
Transform:
  m_CorrespondingSourceObject: {fileID: -4216859302048453862, guid: 3215f1489f5e6404c8c8304fb090c719,
    type: 3}
  m_PrefabInstance: {fileID: 7792195186090023229}
  m_PrefabAsset: {fileID: 0}
